%YAML 1.1
%TAG !u! tag:unity3d.com,2011:
--- !u!1 &847618293713990839
GameObject:
  m_ObjectHideFlags: 0
  m_CorrespondingSourceObject: {fileID: 0}
  m_PrefabInstance: {fileID: 0}
  m_PrefabAsset: {fileID: 0}
  serializedVersion: 6
  m_Component:
  - component: {fileID: 8820107143158881403}
  - component: {fileID: 3264619488442601330}
  - component: {fileID: 527587201905943638}
  - component: {fileID: 1307557371159754345}
  m_Layer: 0
  m_Name: Plane
  m_TagString: Untagged
  m_Icon: {fileID: 0}
  m_NavMeshLayer: 0
  m_StaticEditorFlags: 0
  m_IsActive: 1
--- !u!4 &8820107143158881403
Transform:
  m_ObjectHideFlags: 0
  m_CorrespondingSourceObject: {fileID: 0}
  m_PrefabInstance: {fileID: 0}
  m_PrefabAsset: {fileID: 0}
  m_GameObject: {fileID: 847618293713990839}
  serializedVersion: 2
  m_LocalRotation: {x: 0.5, y: 0.5, z: -0.5, w: 0.5}
  m_LocalPosition: {x: -6, y: 338.6, z: -5.8}
  m_LocalScale: {x: 12, y: 12, z: 12}
  m_ConstrainProportionsScale: 1
  m_Children: []
  m_Father: {fileID: 6996920201985787006}
  m_LocalEulerAnglesHint: {x: 90, y: 0, z: -90}
--- !u!33 &3264619488442601330
MeshFilter:
  m_ObjectHideFlags: 0
  m_CorrespondingSourceObject: {fileID: 0}
  m_PrefabInstance: {fileID: 0}
  m_PrefabAsset: {fileID: 0}
  m_GameObject: {fileID: 847618293713990839}
  m_Mesh: {fileID: 10209, guid: 0000000000000000e000000000000000, type: 0}
--- !u!23 &527587201905943638
MeshRenderer:
  m_ObjectHideFlags: 0
  m_CorrespondingSourceObject: {fileID: 0}
  m_PrefabInstance: {fileID: 0}
  m_PrefabAsset: {fileID: 0}
  m_GameObject: {fileID: 847618293713990839}
  m_Enabled: 1
  m_CastShadows: 1
  m_ReceiveShadows: 1
  m_DynamicOccludee: 1
  m_StaticShadowCaster: 0
  m_MotionVectors: 1
  m_LightProbeUsage: 1
  m_ReflectionProbeUsage: 1
  m_RayTracingMode: 2
  m_RayTraceProcedural: 0
  m_RenderingLayerMask: 1
  m_RendererPriority: 0
  m_Materials:
  - {fileID: 2100000, guid: 0fdceffd27c691247a47f206b419626b, type: 2}
  m_StaticBatchInfo:
    firstSubMesh: 0
    subMeshCount: 0
  m_StaticBatchRoot: {fileID: 0}
  m_ProbeAnchor: {fileID: 0}
  m_LightProbeVolumeOverride: {fileID: 0}
  m_ScaleInLightmap: 1
  m_ReceiveGI: 1
  m_PreserveUVs: 0
  m_IgnoreNormalsForChartDetection: 0
  m_ImportantGI: 0
  m_StitchLightmapSeams: 1
  m_SelectedEditorRenderState: 3
  m_MinimumChartSize: 4
  m_AutoUVMaxDistance: 0.5
  m_AutoUVMaxAngle: 89
  m_LightmapParameters: {fileID: 0}
  m_SortingLayerID: 0
  m_SortingLayer: 0
  m_SortingOrder: 0
  m_AdditionalVertexStreams: {fileID: 0}
--- !u!64 &1307557371159754345
MeshCollider:
  m_ObjectHideFlags: 0
  m_CorrespondingSourceObject: {fileID: 0}
  m_PrefabInstance: {fileID: 0}
  m_PrefabAsset: {fileID: 0}
  m_GameObject: {fileID: 847618293713990839}
  m_Material: {fileID: 0}
  m_IncludeLayers:
    serializedVersion: 2
    m_Bits: 0
  m_ExcludeLayers:
    serializedVersion: 2
    m_Bits: 0
  m_LayerOverridePriority: 0
  m_IsTrigger: 0
  m_ProvidesContacts: 0
  m_Enabled: 1
  serializedVersion: 5
  m_Convex: 0
  m_CookingOptions: 30
  m_Mesh: {fileID: 10209, guid: 0000000000000000e000000000000000, type: 0}
--- !u!1001 &7390605619069412245
PrefabInstance:
  m_ObjectHideFlags: 0
  serializedVersion: 2
  m_Modification:
    serializedVersion: 3
    m_TransformParent: {fileID: 0}
    m_Modifications:
    - target: {fileID: -8679921383154817045, guid: 26e22c0ff9b74406e9557a1d63312a26,
        type: 3}
      propertyPath: m_LocalScale.x
      value: 0.001
      objectReference: {fileID: 0}
    - target: {fileID: -8679921383154817045, guid: 26e22c0ff9b74406e9557a1d63312a26,
        type: 3}
      propertyPath: m_LocalScale.y
      value: 0.001
      objectReference: {fileID: 0}
    - target: {fileID: -8679921383154817045, guid: 26e22c0ff9b74406e9557a1d63312a26,
        type: 3}
      propertyPath: m_LocalScale.z
      value: 0.001
      objectReference: {fileID: 0}
    - target: {fileID: -8679921383154817045, guid: 26e22c0ff9b74406e9557a1d63312a26,
        type: 3}
      propertyPath: m_LocalPosition.x
      value: 0
      objectReference: {fileID: 0}
    - target: {fileID: -8679921383154817045, guid: 26e22c0ff9b74406e9557a1d63312a26,
        type: 3}
      propertyPath: m_LocalPosition.y
      value: 0
      objectReference: {fileID: 0}
    - target: {fileID: -8679921383154817045, guid: 26e22c0ff9b74406e9557a1d63312a26,
        type: 3}
      propertyPath: m_LocalPosition.z
      value: 0
      objectReference: {fileID: 0}
    - target: {fileID: -8679921383154817045, guid: 26e22c0ff9b74406e9557a1d63312a26,
        type: 3}
      propertyPath: m_LocalRotation.w
      value: 0.7071068
      objectReference: {fileID: 0}
    - target: {fileID: -8679921383154817045, guid: 26e22c0ff9b74406e9557a1d63312a26,
        type: 3}
      propertyPath: m_LocalRotation.x
      value: 0
      objectReference: {fileID: 0}
    - target: {fileID: -8679921383154817045, guid: 26e22c0ff9b74406e9557a1d63312a26,
        type: 3}
      propertyPath: m_LocalRotation.y
      value: 0.7071068
      objectReference: {fileID: 0}
    - target: {fileID: -8679921383154817045, guid: 26e22c0ff9b74406e9557a1d63312a26,
        type: 3}
      propertyPath: m_LocalRotation.z
      value: 0
      objectReference: {fileID: 0}
    - target: {fileID: -8679921383154817045, guid: 26e22c0ff9b74406e9557a1d63312a26,
        type: 3}
      propertyPath: m_LocalEulerAnglesHint.x
      value: 0
      objectReference: {fileID: 0}
    - target: {fileID: -8679921383154817045, guid: 26e22c0ff9b74406e9557a1d63312a26,
        type: 3}
      propertyPath: m_LocalEulerAnglesHint.y
      value: 90
      objectReference: {fileID: 0}
    - target: {fileID: -8679921383154817045, guid: 26e22c0ff9b74406e9557a1d63312a26,
        type: 3}
      propertyPath: m_LocalEulerAnglesHint.z
      value: 0
      objectReference: {fileID: 0}
    - target: {fileID: -8256134651489076907, guid: 26e22c0ff9b74406e9557a1d63312a26,
        type: 3}
      propertyPath: m_IsActive
      value: 0
      objectReference: {fileID: 0}
    - target: {fileID: -6991646799804171360, guid: 26e22c0ff9b74406e9557a1d63312a26,
        type: 3}
      propertyPath: m_LocalPosition.y
      value: 18.3
      objectReference: {fileID: 0}
    - target: {fileID: -3364442233168849135, guid: 26e22c0ff9b74406e9557a1d63312a26,
        type: 3}
      propertyPath: m_LocalScale.x
      value: 1
      objectReference: {fileID: 0}
    - target: {fileID: -3364442233168849135, guid: 26e22c0ff9b74406e9557a1d63312a26,
        type: 3}
      propertyPath: m_LocalScale.y
      value: 1
      objectReference: {fileID: 0}
    - target: {fileID: -3364442233168849135, guid: 26e22c0ff9b74406e9557a1d63312a26,
        type: 3}
      propertyPath: m_LocalScale.z
      value: 1
      objectReference: {fileID: 0}
    - target: {fileID: -3364442233168849135, guid: 26e22c0ff9b74406e9557a1d63312a26,
        type: 3}
      propertyPath: m_LocalPosition.x
      value: 0.1
      objectReference: {fileID: 0}
    - target: {fileID: -3364442233168849135, guid: 26e22c0ff9b74406e9557a1d63312a26,
        type: 3}
      propertyPath: m_LocalPosition.y
      value: 21.4
      objectReference: {fileID: 0}
    - target: {fileID: -3364442233168849135, guid: 26e22c0ff9b74406e9557a1d63312a26,
        type: 3}
      propertyPath: m_LocalPosition.z
      value: -12
      objectReference: {fileID: 0}
    - target: {fileID: -3364442233168849135, guid: 26e22c0ff9b74406e9557a1d63312a26,
        type: 3}
      propertyPath: m_LocalRotation.w
      value: 1
      objectReference: {fileID: 0}
    - target: {fileID: -3364442233168849135, guid: 26e22c0ff9b74406e9557a1d63312a26,
        type: 3}
      propertyPath: m_LocalRotation.x
      value: 0
      objectReference: {fileID: 0}
    - target: {fileID: -3364442233168849135, guid: 26e22c0ff9b74406e9557a1d63312a26,
        type: 3}
      propertyPath: m_LocalRotation.y
      value: 0
      objectReference: {fileID: 0}
    - target: {fileID: -3364442233168849135, guid: 26e22c0ff9b74406e9557a1d63312a26,
        type: 3}
      propertyPath: m_LocalRotation.z
      value: 0
      objectReference: {fileID: 0}
    - target: {fileID: -3364442233168849135, guid: 26e22c0ff9b74406e9557a1d63312a26,
        type: 3}
      propertyPath: m_LocalEulerAnglesHint.x
      value: 0
      objectReference: {fileID: 0}
    - target: {fileID: -3364442233168849135, guid: 26e22c0ff9b74406e9557a1d63312a26,
        type: 3}
      propertyPath: m_LocalEulerAnglesHint.y
      value: 0
      objectReference: {fileID: 0}
    - target: {fileID: -3364442233168849135, guid: 26e22c0ff9b74406e9557a1d63312a26,
        type: 3}
      propertyPath: m_LocalEulerAnglesHint.z
      value: 0
      objectReference: {fileID: 0}
    - target: {fileID: -3364442233168849135, guid: 26e22c0ff9b74406e9557a1d63312a26,
        type: 3}
      propertyPath: m_ConstrainProportionsScale
      value: 0
      objectReference: {fileID: 0}
    - target: {fileID: -3309408359667664848, guid: 26e22c0ff9b74406e9557a1d63312a26,
        type: 3}
      propertyPath: m_LocalPosition.y
      value: 17.5
      objectReference: {fileID: 0}
    - target: {fileID: 919132149155446097, guid: 26e22c0ff9b74406e9557a1d63312a26,
        type: 3}
      propertyPath: m_Name
      value: SwordLatest
      objectReference: {fileID: 0}
    - target: {fileID: 1577325883273658149, guid: 26e22c0ff9b74406e9557a1d63312a26,
        type: 3}
      propertyPath: m_LocalPosition.y
      value: 19.1
      objectReference: {fileID: 0}
    - target: {fileID: 2657965539820599181, guid: 26e22c0ff9b74406e9557a1d63312a26,
        type: 3}
      propertyPath: m_LocalPosition.y
      value: 15
      objectReference: {fileID: 0}
    - target: {fileID: 6609493762104327279, guid: 26e22c0ff9b74406e9557a1d63312a26,
        type: 3}
      propertyPath: m_LocalScale.x
      value: -0.103618756
      objectReference: {fileID: 0}
    - target: {fileID: 6609493762104327279, guid: 26e22c0ff9b74406e9557a1d63312a26,
        type: 3}
      propertyPath: m_LocalScale.y
      value: 0.9299498
      objectReference: {fileID: 0}
    - target: {fileID: 6609493762104327279, guid: 26e22c0ff9b74406e9557a1d63312a26,
        type: 3}
      propertyPath: m_LocalScale.z
      value: 1.0837044
      objectReference: {fileID: 0}
    - target: {fileID: 6609493762104327279, guid: 26e22c0ff9b74406e9557a1d63312a26,
        type: 3}
      propertyPath: m_LocalPosition.x
      value: 12.717
      objectReference: {fileID: 0}
    - target: {fileID: 6609493762104327279, guid: 26e22c0ff9b74406e9557a1d63312a26,
        type: 3}
      propertyPath: m_LocalPosition.y
      value: 23.54
      objectReference: {fileID: 0}
    - target: {fileID: 6609493762104327279, guid: 26e22c0ff9b74406e9557a1d63312a26,
        type: 3}
      propertyPath: m_LocalPosition.z
      value: 0.909
      objectReference: {fileID: 0}
    - target: {fileID: 8845591975366581335, guid: 26e22c0ff9b74406e9557a1d63312a26,
        type: 3}
      propertyPath: m_LocalPosition.y
      value: 25.8
      objectReference: {fileID: 0}
    m_RemovedComponents: []
    m_RemovedGameObjects: []
    m_AddedGameObjects:
    - targetCorrespondingSourceObject: {fileID: -8679921383154817045, guid: 26e22c0ff9b74406e9557a1d63312a26,
        type: 3}
      insertIndex: -1
      addedObject: {fileID: 8820107143158881403}
    m_AddedComponents:
    - targetCorrespondingSourceObject: {fileID: 919132149155446097, guid: 26e22c0ff9b74406e9557a1d63312a26,
        type: 3}
      insertIndex: -1
      addedObject: {fileID: 8557649076176900306}
    - targetCorrespondingSourceObject: {fileID: 919132149155446097, guid: 26e22c0ff9b74406e9557a1d63312a26,
        type: 3}
      insertIndex: -1
      addedObject: {fileID: 7069997350621135218}
    - targetCorrespondingSourceObject: {fileID: 919132149155446097, guid: 26e22c0ff9b74406e9557a1d63312a26,
        type: 3}
      insertIndex: -1
      addedObject: {fileID: 2853321508980110122}
    - targetCorrespondingSourceObject: {fileID: 919132149155446097, guid: 26e22c0ff9b74406e9557a1d63312a26,
        type: 3}
      insertIndex: -1
      addedObject: {fileID: 8342475453402742882}
    - targetCorrespondingSourceObject: {fileID: 919132149155446097, guid: 26e22c0ff9b74406e9557a1d63312a26,
        type: 3}
      insertIndex: -1
      addedObject: {fileID: 1462544623333922262}
    - targetCorrespondingSourceObject: {fileID: 919132149155446097, guid: 26e22c0ff9b74406e9557a1d63312a26,
        type: 3}
      insertIndex: -1
      addedObject: {fileID: 4978412685138213029}
    - targetCorrespondingSourceObject: {fileID: 3482322651857717147, guid: 26e22c0ff9b74406e9557a1d63312a26,
        type: 3}
      insertIndex: -1
      addedObject: {fileID: 2517832665381509275}
  m_SourcePrefab: {fileID: 100100000, guid: 26e22c0ff9b74406e9557a1d63312a26, type: 3}
--- !u!1 &6251848022970721294 stripped
GameObject:
  m_CorrespondingSourceObject: {fileID: 3482322651857717147, guid: 26e22c0ff9b74406e9557a1d63312a26,
    type: 3}
  m_PrefabInstance: {fileID: 7390605619069412245}
  m_PrefabAsset: {fileID: 0}
--- !u!65 &2517832665381509275
BoxCollider:
  m_ObjectHideFlags: 0
  m_CorrespondingSourceObject: {fileID: 0}
  m_PrefabInstance: {fileID: 0}
  m_PrefabAsset: {fileID: 0}
  m_GameObject: {fileID: 6251848022970721294}
  m_Material: {fileID: 0}
  m_IncludeLayers:
    serializedVersion: 2
    m_Bits: 0
  m_ExcludeLayers:
    serializedVersion: 2
    m_Bits: 0
  m_LayerOverridePriority: 0
  m_IsTrigger: 1
  m_ProvidesContacts: 0
  m_Enabled: 1
  serializedVersion: 3
  m_Size: {x: 70.09427, y: 267.93634, z: 74.630615}
  m_Center: {x: 10.348856, y: 162.40799, z: -3.6131756}
--- !u!4 &6996920201985787006 stripped
Transform:
  m_CorrespondingSourceObject: {fileID: -8679921383154817045, guid: 26e22c0ff9b74406e9557a1d63312a26,
    type: 3}
  m_PrefabInstance: {fileID: 7390605619069412245}
  m_PrefabAsset: {fileID: 0}
--- !u!1 &7661147942755917508 stripped
GameObject:
  m_CorrespondingSourceObject: {fileID: 919132149155446097, guid: 26e22c0ff9b74406e9557a1d63312a26,
    type: 3}
  m_PrefabInstance: {fileID: 7390605619069412245}
  m_PrefabAsset: {fileID: 0}
--- !u!114 &8557649076176900306
MonoBehaviour:
  m_ObjectHideFlags: 0
  m_CorrespondingSourceObject: {fileID: 0}
  m_PrefabInstance: {fileID: 0}
  m_PrefabAsset: {fileID: 0}
  m_GameObject: {fileID: 7661147942755917508}
  m_Enabled: 1
  m_EditorHideFlags: 0
  m_Script: {fileID: 11500000, guid: 5b023183069df224080314a560e6e1ff, type: 3}
  m_Name: 
  m_EditorClassIdentifier: 
  blockId: 5c5184f2-c2f5-4063-b14b-3b1264fb3c1a
  instanceId: f6954fd5-d87e-430c-8808-869b3a68a079
  version: 1
--- !u!114 &7069997350621135218
MonoBehaviour:
  m_ObjectHideFlags: 0
  m_CorrespondingSourceObject: {fileID: 0}
  m_PrefabInstance: {fileID: 0}
  m_PrefabAsset: {fileID: 0}
  m_GameObject: {fileID: 7661147942755917508}
  m_Enabled: 1
  m_EditorHideFlags: 0
  m_Script: {fileID: 11500000, guid: 43f86b14a27b52f4f9298c33015b5c26, type: 3}
  m_Name: 
  m_EditorClassIdentifier: 
  _transferOnSecondSelection: 0
  _addNewPointsToFront: 0
  _forwardElement: {fileID: 0}
  _oneGrabTransformer: {fileID: 0}
  _twoGrabTransformer: {fileID: 0}
  _targetTransform: {fileID: 0}
  _maxGrabPoints: -1
--- !u!54 &2853321508980110122
Rigidbody:
  m_ObjectHideFlags: 0
  m_CorrespondingSourceObject: {fileID: 0}
  m_PrefabInstance: {fileID: 0}
  m_PrefabAsset: {fileID: 0}
  m_GameObject: {fileID: 7661147942755917508}
  serializedVersion: 4
  m_Mass: 1
  m_Drag: 0
  m_AngularDrag: 0.05
  m_CenterOfMass: {x: 0, y: 0, z: 0}
  m_InertiaTensor: {x: 1, y: 1, z: 1}
  m_InertiaRotation: {x: 0, y: 0, z: 0, w: 1}
  m_IncludeLayers:
    serializedVersion: 2
    m_Bits: 0
  m_ExcludeLayers:
    serializedVersion: 2
    m_Bits: 0
  m_ImplicitCom: 1
  m_ImplicitTensor: 1
  m_UseGravity: 0
  m_IsKinematic: 0
  m_Interpolate: 0
  m_Constraints: 0
  m_CollisionDetection: 0
--- !u!65 &8342475453402742882
BoxCollider:
  m_ObjectHideFlags: 0
  m_CorrespondingSourceObject: {fileID: 0}
  m_PrefabInstance: {fileID: 0}
  m_PrefabAsset: {fileID: 0}
  m_GameObject: {fileID: 7661147942755917508}
  m_Material: {fileID: 0}
  m_IncludeLayers:
    serializedVersion: 2
    m_Bits: 0
  m_ExcludeLayers:
    serializedVersion: 2
    m_Bits: 0
  m_LayerOverridePriority: 0
  m_IsTrigger: 1
  m_ProvidesContacts: 0
  m_Enabled: 1
  serializedVersion: 3
  m_Size: {x: 77.76773, y: 257.42673, z: 72.36355}
  m_Center: {x: 14.39325, y: 165.48895, z: -9.579866}
--- !u!114 &1462544623333922262
MonoBehaviour:
  m_ObjectHideFlags: 0
  m_CorrespondingSourceObject: {fileID: 0}
  m_PrefabInstance: {fileID: 0}
  m_PrefabAsset: {fileID: 0}
  m_GameObject: {fileID: 7661147942755917508}
  m_Enabled: 1
  m_EditorHideFlags: 0
  m_Script: {fileID: 11500000, guid: e9a7676b01585ce43908639a27765dfc, type: 3}
  m_Name: 
  m_EditorClassIdentifier: 
  _interactorFilters: []
  _maxInteractors: -1
  _maxSelectingInteractors: -1
  _data: {fileID: 0}
  _pointableElement: {fileID: 7069997350621135218}
  _rigidbody: {fileID: 2853321508980110122}
  _physicsGrabbable: {fileID: 0}
  _resetGrabOnGrabsUpdated: 1
  _scoringModifier:
    _positionRotationWeight: 0.8
  _slippiness: 0
  _supportedGrabTypes: 3
  _pinchGrabRules:
    _thumbRequirement: 1
    _indexRequirement: 1
    _middleRequirement: 1
    _ringRequirement: 0
    _pinkyRequirement: 0
    _unselectMode: 0
  _palmGrabRules:
    _thumbRequirement: 1
    _indexRequirement: 2
    _middleRequirement: 2
    _ringRequirement: 2
    _pinkyRequirement: 1
    _unselectMode: 0
  _movementProvider: {fileID: 0}
  _handAligment: 1
  _handGrabPoses: []
--- !u!114 &4978412685138213029
MonoBehaviour:
  m_ObjectHideFlags: 0
  m_CorrespondingSourceObject: {fileID: 0}
  m_PrefabInstance: {fileID: 0}
  m_PrefabAsset: {fileID: 0}
  m_GameObject: {fileID: 7661147942755917508}
  m_Enabled: 1
  m_EditorHideFlags: 0
  m_Script: {fileID: 11500000, guid: baed3e011583e1844a6e85b1cd0657f2, type: 3}
  m_Name: 
  m_EditorClassIdentifier: 
  _interactorFilters: []
  _maxInteractors: -1
  _maxSelectingInteractors: -1
  _data: {fileID: 0}
  _pointableElement: {fileID: 0}
  _rigidbody: {fileID: 2853321508980110122}
  _physicsGrabbable: {fileID: 0}
  _resetGrabOnGrabsUpdated: 1
  _slippiness: 0
  _supportedGrabTypes: 3
  _pinchGrabRules:
    _thumbRequirement: 1
    _indexRequirement: 1
    _middleRequirement: 1
    _ringRequirement: 0
    _pinkyRequirement: 0
    _unselectMode: 0
  _palmGrabRules:
    _thumbRequirement: 1
    _indexRequirement: 2
    _middleRequirement: 2
    _ringRequirement: 2
    _pinkyRequirement: 1
    _unselectMode: 0
  _movementProvider: {fileID: 0}
  _handAligment: 1
  _handGrabPoses: []
